% Encoding: UTF-8


@book{Tes08,
author = {Teschl, Gerald and Teschl, Susanne},
year = {2008},
month = {01},
pages = {},
title = {Mathematik für Informatiker: Band 1: Diskrete Mathematik und Lineare Algebra},
isbn = {978-3-540-77431-0},
doi = {10.1007/978-3-540-77432-7}
},

@book{Hed09,
author = {Ivo Hedtke, David Gippner, Robert Müller},
year = {2009},
month = {03},
pages = {},
title = {Der LaTeX-Tutor},
isbn = {978-3868581232},
doi = {}
}

@Comment{jabref-meta: databaseType:bibtex;}


